@article{hiptmair2021spurious,
  title={Spurious Quasi-Resonances in Boundary Integral Equations for the Helmholtz Transmission Problem},
  author={Hiptmair, Ralf and Moiola, Andrea and Spence, Euan A},
  journal={arXiv preprint arXiv:2109.08530},
  year={2021}
}

@phdthesis{meury2007stable,
  title={Stable finite element boundary element Galerkin schemes for acoustic and electromagnetic scattering},
  author={Meury, Patrick E},
  year={2007},
  school={ETH Zurich}
}

@incollection{sauter2010boundary,
  title={Boundary element methods},
  author={Sauter, Stefan A and Schwab, Christoph},
  booktitle={Boundary Element Methods},
  pages={183--287},
  year={2010},
  publisher={Springer}
}

@article{hiptmair2006stabilized,
  title={Stabilized FEM-BEM coupling for Helmholtz transmission problems},
  author={Hiptmair, Ralf and Meury, Patrick},
  journal={SIAM journal on numerical analysis},
  volume={44},
  number={5},
  pages={2107--2130},
  year={2006},
  publisher={SIAM}
}

@book{mclean2000strongly,
  title={Strongly elliptic systems and boundary integral equations},
  author={McLean, William and McLean, William Charles Hector},
  year={2000},
  publisher={Cambridge university press}
}

@article{moiola2019acoustic,
  title={Acoustic transmission problems: wavenumber-explicit bounds and resonance-free regions},
  author={Moiola, Andrea and Spence, Euan A},
  journal={Mathematical Models and Methods in Applied Sciences},
  volume={29},
  number={02},
  pages={317--354},
  year={2019},
  publisher={World Scientific}
}